<record><leader>00000cas a2200000 a 4500</leader><controlfield tag="001">20642502</controlfield><controlfield tag="008">891113d198019uuwauer ne      0    0eng c</controlfield><datafield ind1=" " ind2=" " tag="010"><subfield code="a">sn 94050944 </subfield></datafield><datafield ind1=" " ind2=" " tag="040"><subfield code="a">ORY</subfield><subfield code="b">eng</subfield><subfield code="c">ORY</subfield><subfield code="d">ANU</subfield><subfield code="d">WAU</subfield><subfield code="d">OCLCQ</subfield><subfield code="d">WAU</subfield><subfield code="d">OCLCA</subfield><subfield code="d">OCLCQ</subfield><subfield code="d">OCLCA</subfield><subfield code="d">OCLCF</subfield></datafield><datafield ind1="1" ind2=" " tag="029"><subfield code="a">AU@</subfield><subfield code="b">000011126286</subfield></datafield><datafield ind1=" " ind2=" " tag="042"><subfield code="a">pcc</subfield></datafield><datafield ind1=" " ind2=" " tag="043"><subfield code="a">n-us-wa</subfield></datafield><datafield ind1="0" ind2="4" tag="245"><subfield code="a">The Lummi squol quol.</subfield></datafield><datafield ind1="1" ind2=" " tag="246"><subfield code="i">Some issues have title:</subfield><subfield code="a">Squol quol</subfield></datafield><datafield ind1="1" ind2="3" tag="246"><subfield code="a">Lummi Indian news</subfield></datafield><datafield ind1=" " ind2=" " tag="260"><subfield code="a">Bellingham, Wash. :</subfield><subfield code="b">Lummi Communications Dept.,</subfield><subfield code="c">[1980]-</subfield></datafield><datafield ind1=" " ind2=" " tag="300"><subfield code="a">volumes :</subfield><subfield code="b">illustrations</subfield></datafield><datafield ind1=" " ind2=" " tag="310"><subfield code="a">Biweekly</subfield></datafield><datafield ind1=" " ind2=" " tag="336"><subfield code="a">text</subfield><subfield code="b">txt</subfield><subfield code="2">rdacontent</subfield></datafield><datafield ind1=" " ind2=" " tag="337"><subfield code="a">unmediated</subfield><subfield code="b">n</subfield><subfield code="2">rdamedia</subfield></datafield><datafield ind1=" " ind2=" " tag="338"><subfield code="a">volume</subfield><subfield code="b">nc</subfield><subfield code="2">rdacarrier</subfield></datafield><datafield ind1="0" ind2=" " tag="362"><subfield code="a">Vol. 8, ed. 1 (Feb. 3, 1980)-</subfield></datafield><datafield ind1=" " ind2=" " tag="588"><subfield code="a">Latest issue consulted: Vol. 9, ed. 2 (Feb. 2, 1981).</subfield></datafield><datafield ind1=" " ind2="0" tag="650"><subfield code="a">Lummi Indians</subfield><subfield code="v">Newspapers.</subfield></datafield><datafield ind1=" " ind2="7" tag="655"><subfield code="a">Lummi newspapers.</subfield><subfield code="2">ngl</subfield></datafield><datafield ind1=" " ind2="7" tag="655"><subfield code="a">Native American newspapers</subfield><subfield code="z">Washington (State)</subfield><subfield code="2">ngl</subfield></datafield><datafield ind1=" " ind2="7" tag="655"><subfield code="a">Newspapers.</subfield><subfield code="2">fast</subfield><subfield code="0">(OCoLC)fst01423814</subfield></datafield><datafield ind1=" " ind2="7" tag="650"><subfield code="a">Lummi Indians.</subfield><subfield code="2">fast</subfield><subfield code="0">(OCoLC)fst01003670</subfield></datafield><datafield ind1="1" ind2=" " tag="710"><subfield code="a">Lummi Tribe of the Lummi Reservation, Washington.</subfield><subfield code="b">Communications Department.</subfield></datafield><datafield ind1=" " ind2=" " tag="752"><subfield code="a">United States</subfield><subfield code="b">Washington</subfield><subfield code="c">Whatcom</subfield><subfield code="d">Bellingham.</subfield></datafield><datafield ind1="0" ind2="0" tag="780"><subfield code="t">Lummi Indian news</subfield><subfield code="w">(DLC)sn 94050945</subfield><subfield code="w">(OCoLC)20642514</subfield></datafield><datafield ind1="0" ind2="0" tag="785"><subfield code="t">Squol quol (Bellingham, Wash. : 1991)</subfield><subfield code="w">(DLC)sn 97047307</subfield><subfield code="w">(OCoLC)37250358</subfield></datafield></record>